<record><leader>00000cas a2200000 a 4500</leader><controlfield tag="001">12203100</controlfield><controlfield tag="008">850626d18871891ksuwr ne      0    0eng d</controlfield><datafield ind1=" " ind2=" " tag="010"><subfield code="a">sn 85029342 </subfield></datafield><datafield ind1=" " ind2=" " tag="040"><subfield code="a">KSH</subfield><subfield code="b">eng</subfield><subfield code="c">KSH</subfield><subfield code="d">NPT</subfield><subfield code="d">OCL</subfield><subfield code="d">OCLCQ</subfield></datafield><datafield ind1=" " ind2=" " tag="042"><subfield code="a">msc</subfield></datafield><datafield ind1="0" ind2="0" tag="245"><subfield code="a">Kansas people.</subfield></datafield><datafield ind1="3" ind2="0" tag="246"><subfield code="a">Weekly Kansas people</subfield></datafield><datafield ind1=" " ind2=" " tag="260"><subfield code="a">Osage City, Kan. :</subfield><subfield code="b">Blain &amp; Mills,</subfield><subfield code="c">1887-</subfield></datafield><datafield ind1=" " ind2=" " tag="300"><subfield code="a">v. :</subfield><subfield code="b">ill. ;</subfield><subfield code="c">49-61 cm.</subfield></datafield><datafield ind1=" " ind2=" " tag="310"><subfield code="a">Weekly</subfield></datafield><datafield ind1="0" ind2=" " tag="362"><subfield code="a">Vol. 1, no. 1 (Feb. 2, 1887)-</subfield></datafield><datafield ind1="1" ind2=" " tag="362"><subfield code="a">Ceased with Feb. 25, 1891 issue?</subfield></datafield><datafield ind1=" " ind2=" " tag="500"><subfield code="a">Published as: Weekly Kansas people, Apr. 25-May 9, 1888; Nov. 6, 1889-Dec. 17, 1890.</subfield></datafield><datafield ind1=" " ind2=" " tag="580"><subfield code="a">Also issued a daily edition called: Kansas daily people, Sept. 8, 1887-Feb. 23, 1889; Daily Kansas people, Feb. 25, 1889-Dec. 17, 1890.</subfield></datafield><datafield ind1=" " ind2=" " tag="752"><subfield code="a">United States</subfield><subfield code="b">Kansas</subfield><subfield code="c">Osage</subfield><subfield code="d">Osage City.</subfield></datafield><datafield ind1="1" ind2=" " tag="775"><subfield code="t">Kansas daily people</subfield><subfield code="w">(DLC)sn 85029394</subfield></datafield><datafield ind1="1" ind2=" " tag="775"><subfield code="t">Daily Kansas people</subfield><subfield code="w">(DLC)sn 85029399</subfield></datafield><datafield ind1="0" ind2="0" tag="780"><subfield code="t">Osage County democrat (Burlingame, Kan. : 1881)</subfield><subfield code="w">(DLC)sn 85029340</subfield></datafield></record>